<record><leader>00000cas a22000007a 4500</leader><controlfield tag="001">19318830</controlfield><controlfield tag="008">890307d1887188unyuwr ne      0    0eng d</controlfield><datafield ind1=" " ind2=" " tag="010"><subfield code="a">sn 89071050 </subfield></datafield><datafield ind1=" " ind2=" " tag="040"><subfield code="a">NYS</subfield><subfield code="b">eng</subfield><subfield code="c">NYS</subfield><subfield code="d">NYG</subfield><subfield code="d">OCLCQ</subfield></datafield><datafield ind1=" " ind2=" " tag="042"><subfield code="a">msc</subfield></datafield><datafield ind1="0" ind2="0" tag="245"><subfield code="a">Wyoming County reporter.</subfield></datafield><datafield ind1=" " ind2=" " tag="260"><subfield code="a">Wyoming, N.Y. :</subfield><subfield code="b">Brewster &amp; Cushing,</subfield><subfield code="c">1887-</subfield></datafield><datafield ind1=" " ind2=" " tag="300"><subfield code="a">v.</subfield></datafield><datafield ind1=" " ind2=" " tag="310"><subfield code="a">Weekly</subfield></datafield><datafield ind1="0" ind2=" " tag="362"><subfield code="a">[Vol. 1, no. 1] (May 17, 1887)-</subfield></datafield><datafield ind1=" " ind2="4" tag="651"><subfield code="a">Wyoming (N.Y.)</subfield><subfield code="v">Newspapers.</subfield></datafield><datafield ind1=" " ind2=" " tag="752"><subfield code="a">United States</subfield><subfield code="b">New York</subfield><subfield code="c">Wyoming</subfield><subfield code="d">Wyoming.</subfield></datafield><datafield ind1="0" ind2="0" tag="785"><subfield code="t">Wyoming reporter (Wyoming, N.Y.)</subfield><subfield code="w">(DLC)sn 88074269</subfield><subfield code="w">(OCoLC)18219975</subfield></datafield><datafield ind1="1" ind2=" " tag="029"><subfield code="a">AU@</subfield><subfield code="b">000020539693</subfield></datafield></record>